<record><leader>00000cas a2200000 i 4500</leader><controlfield tag="001">869745018</controlfield><controlfield tag="006">m     o  d        </controlfield><controlfield tag="007">cr |||||||||||</controlfield><controlfield tag="008">140203d18531886ohuwr neo     0   a0eng  </controlfield><datafield ind1=" " ind2=" " tag="010"><subfield code="a">  2013271956</subfield></datafield><datafield ind1=" " ind2=" " tag="040"><subfield code="a">DLC</subfield><subfield code="b">eng</subfield><subfield code="e">rda</subfield><subfield code="c">DLC</subfield></datafield><datafield ind1="0" ind2=" " tag="022"><subfield code="a">2333-0171</subfield><subfield code="2">1</subfield></datafield><datafield ind1="1" ind2=" " tag="029"><subfield code="a">NZ1</subfield><subfield code="b">16178091</subfield></datafield><datafield ind1=" " ind2=" " tag="042"><subfield code="a">pcc</subfield><subfield code="a">nsdp</subfield></datafield><datafield ind1=" " ind2=" " tag="043"><subfield code="a">n-us-oh</subfield></datafield><datafield ind1="1" ind2="0" tag="050"><subfield code="a">ISSN RECORD</subfield></datafield><datafield ind1="0" ind2="0" tag="082"><subfield code="a">071</subfield><subfield code="2">23</subfield></datafield><datafield ind1="0" ind2=" " tag="130"><subfield code="a">Highland weekly news (Hillsboro, Ohio : 1853 : Online)</subfield></datafield><datafield ind1=" " ind2="4" tag="222"><subfield code="a">The Highland weekly news</subfield><subfield code="b">(Hillsboro, Ohio. 1853. Online)</subfield></datafield><datafield ind1="1" ind2="4" tag="245"><subfield code="a">The Highland weekly news.</subfield></datafield><datafield ind1=" " ind2="1" tag="264"><subfield code="a">Hillsborough [Hillsboro], Highland County, Ohio :</subfield><subfield code="b">J. L. Boardman</subfield></datafield><datafield ind1=" " ind2=" " tag="300"><subfield code="a">1 online resource</subfield></datafield><datafield ind1=" " ind2=" " tag="310"><subfield code="a">Weekly</subfield></datafield><datafield ind1=" " ind2=" " tag="336"><subfield code="a">text</subfield><subfield code="b">txt</subfield><subfield code="2">rdacontent</subfield></datafield><datafield ind1=" " ind2=" " tag="337"><subfield code="a">computer</subfield><subfield code="b">c</subfield><subfield code="2">rdamedia</subfield></datafield><datafield ind1=" " ind2=" " tag="338"><subfield code="a">online resource</subfield><subfield code="b">cr</subfield><subfield code="2">rdacarrier</subfield></datafield><datafield ind1="1" ind2=" " tag="362"><subfield code="a">Began February 18, 1853; ceased with vol. 49, no. 53 (March 31, 1886) whole no. 2601.</subfield></datafield><datafield ind1=" " ind2=" " tag="500"><subfield code="a">"Whig, 1853-1854; Republican, 1855-1886."</subfield></datafield><datafield ind1=" " ind2=" " tag="500"><subfield code="a">Publisher: News-Herald Publishing Co., &lt;March 31, 1886&gt;.</subfield></datafield><datafield ind1=" " ind2=" " tag="588"><subfield code="a">Description based on: Vol. XX, number 48 (April 2, 1857); title from masthead (Chroniclingamerica.loc.gov, viewed February 3, 2014).</subfield></datafield><datafield ind1=" " ind2=" " tag="588"><subfield code="a">Latest issue consulted: Vol. 49, no. 53 (March 31, 1886) whole no. 2601 (Chroniclingamerica.loc.gov, viewed February 3, 2014).</subfield></datafield><datafield ind1=" " ind2="0" tag="651"><subfield code="a">Hillsboro (Ohio)</subfield><subfield code="v">Newspapers.</subfield></datafield><datafield ind1=" " ind2="0" tag="651"><subfield code="a">Highland County (Ohio)</subfield><subfield code="v">Newspapers.</subfield></datafield><datafield ind1=" " ind2="7" tag="651"><subfield code="a">Ohio</subfield><subfield code="z">Highland County.</subfield><subfield code="2">fast</subfield><subfield code="0">(OCoLC)fst01215687</subfield></datafield><datafield ind1=" " ind2="7" tag="651"><subfield code="a">Ohio</subfield><subfield code="z">Hillsboro.</subfield><subfield code="2">fast</subfield><subfield code="0">(OCoLC)fst01232642</subfield></datafield><datafield ind1=" " ind2="7" tag="655"><subfield code="a">Newspapers.</subfield><subfield code="2">fast</subfield><subfield code="0">(OCoLC)fst01423814</subfield></datafield><datafield ind1=" " ind2=" " tag="752"><subfield code="a">United States</subfield><subfield code="b">Ohio</subfield><subfield code="c">Highland</subfield><subfield code="d">Hillsborough.</subfield></datafield><datafield ind1=" " ind2=" " tag="752"><subfield code="a">United States</subfield><subfield code="b">Ohio</subfield><subfield code="c">Highland</subfield><subfield code="d">Hillsboro.</subfield></datafield><datafield ind1="0" ind2="8" tag="776"><subfield code="i">Originally issued in print:</subfield><subfield code="t">Highland weekly news (Hillsboro, Ohio : 1853)</subfield><subfield code="x">2333-0163</subfield><subfield code="w">(DLC)sn 85038158</subfield><subfield code="w">(OCoLC)11838779</subfield></datafield><datafield ind1="0" ind2="0" tag="780"><subfield code="t">Weekly Highland news (Online)</subfield></datafield><datafield ind1="0" ind2="7" tag="785"><subfield code="t">Saturday herald (Hillsboro, Ohio : Online)</subfield></datafield><datafield ind1="0" ind2="7" tag="785"><subfield code="t">News-Herald (Hillsboro, Ohio : Online)</subfield></datafield><datafield ind1="4" ind2="0" tag="856"><subfield code="u">http://www.loc.gov/chroniclingamerica/lccn/sn85038158/issues</subfield></datafield></record>